@book{womak:nostro,
    author  = {Ze-Nian Li, Mark S Drew.},
    title   = {Fundamentals of Multimedia},
    publisher = {Prentice Hall},
    year    = {2004}
}

@book{womak:prof,
    author  = {Peter Symes},
    title   = {Digital Video Compression},
    publisher = {Mc Graw Hill},
    year    = {2003}
}